@book{kandel,
	title = {Principles of Neural Science},
	author = {Kandel, Eric},
	year = {2013},
	edition = {5th},
	publisher = {McGraw Hill Professional},
	isbn = {0071390111},	
}

@book{nieder,
	title = "Niedermeyer's Electroencephalography: Basic Principles, Clinical Applications, and Related Fields",
	author = "Schomer, Donald L. and Lopes da Silva, Fernando",
	year = "2010",
	edition = "6th",
	publisher = "Lippincott Williams \& Wilkins",
	isbn = "0781789427"
}


@article{beck,
	Author="Coenen, A.  and Zayachkivska, O. ",
	Title="{{A}dolf {B}eck: {A} pioneer in electroencephalography in between {R}ichard {C}aton and {H}ans {B}erger}",
	Journal="Adv Cogn Psychol",
	Year="2013",
	Volume="9",
	Number="4",
	Pages="216--221"
}
	
@Article{hager,
	Author="Hager, A. M.  and Dringenberg, H. C. ",
	Title="{{T}raining-induced plasticity in the visual cortex of adult rats following visual discrimination learning}",
	Journal="Learn. Mem.",
	Year="2010",
	Volume="17",
	Number="8",
	Pages="394--401",
	Month="Aug"
}	
@Article{schulz,
	Author="Schulz, R.  and Gerloff, C.  and Hummel, F. C. ",
	Title="{{N}on-invasive brain stimulation in neurological diseases}",
	Journal="Neuropharmacology",
	Year="2013",
	Volume="64",
	Pages="579--587",
	Month="Jan"
}

@Article{hannula,
	Author="Hannula, D. E.  and Simons, D. J.  and Cohen, N. J. ",
	Title="{{I}maging implicit perception: promise and pitfalls}",
	Journal="Nat. Rev. Neurosci.",
	Year="2005",
	Volume="6",
	Number="3",
	Pages="247--255",
	Month="Mar"
}

@Article{viola,
	Author="Waleszczyk, W. J.  and Wang, C.  and Benedek, G.  and Burke, W.  and Dreher, B. ",
	Title="{{M}otion sensitivity in cat's superior colliculus: contribution of different visual processing channels to response properties of collicular neurons}",
	Journal="Acta Neurobiol Exp (Wars)",
	Year="2004",
	Volume="64",
	Number="2",
	Pages="209--228"
}